@phdthesis{nguyen2013modelisation,
  title={Mod{\'e}lisation multi-{\'e}chelle des mat{\'e}riaux granulaires frottant-coh{\'e}sifs},
  author={Nguyen, Trung Kien},
  year={2013},
  school={Universit{\'e} de Grenoble}
}

@phdthesis{danies2018application,
  title={Application de la M{\'e}thode des Points Mat{\'e}riels aux ph{\'e}nom{\`e}nes gravitaires},
  author={Danies, Fabio Gracia},
  year={2018},
  school={Universit{\'e} Grenoble Alpes (ComUE)}
}

@misc{richefeu2025mpmxdem,
  author       = {V. Richefeu and G. Combe},
  title        = {{MPM}{×}{DEM} programme},
  howpublished = {\url{https://github.com/richefeu/mpmxdem}},
  year         = {2025}
}

@misc{projetderecherche,
  author       = {V. Richefeu and G. Combe and T.K. Nguyen},
  title        = {Projet de reserche},
  year         = {2024}
}

@misc{combe2023demlecture,
  author       = {Gaël Combe},
  title        = {{DEM} Lecture},
  version      = {2023},
  year         = {2023},
  note         = {Diapositive},
  howpublished = {\url{https://cloud.univ-grenoble-alpes.fr/s/Lbdg6qWwXNqFZQo}}
}

@article{Fei2024,
  author    = {Jianbo Fei and Hao Tang and Chaoshuai Yang and Xiangsheng Chen},
  title     = {Scaling laws for quasi-statically deforming granular soil at critical state},
  journal   = {Granular Matter},
  year      = {2024},
  volume    = {26},
  number    = {4},
  pages     = {91},
  doi       = {10.1007/s10035-024-01459-7},
  url       = {https://doi.org/10.1007/s10035-024-01459-7}
}

@article{nguyen2023material,
  title={The material point method},
  author={Nguyen, Vinh Phu and De Vaucorbeil, Alban and Bordas, Stephane},
  journal={Cham: Springer International Publishing},
  year={2023},
  publisher={Springer}
}

@book{radjai2011discrete,
  title={Discrete-element modeling of granular materials},
  author={Radjai, Farhang and Dubois, Fr{\'e}d{\'e}ric},
  year={2011},
  publisher={Wiley-Iste}
}

@phdthesis{duverger2023multi,
  title={A multi-scale, MPMxDEM, numerical modelling approach for geotechnical structures under severe loading},
  author={Duverger, Sacha},
  year={2023},
  school={Aix-Marseille Universit{\'e} (AMU)}
}

@article{nguyen2014fem,
  title={FEM$\times$ DEM modelling of cohesive granular materials: numerical homogenisation and multi-scale simulations},
  author={Nguyen, Trung Kien and Combe, Ga{\"e}l and Caillerie, Denis and Desrues, Jacques},
  journal={Acta Geophysica},
  volume={62},
  pages={1109--1126},
  year={2014},
  publisher={Springer}
}

@article{jop2006constitutive,
  title={A constitutive law for dense granular flows},
  author={Jop, Pierre and Forterre, Yo{\"e}l and Pouliquen, Olivier},
  journal={Nature},
  volume={441},
  number={7094},
  pages={727--730},
  year={2006},
  publisher={Nature Publishing Group UK London}
}

@inproceedings{gelet2015modelling,
  title={Modelling interaction of incompressible fluids and deformable particles with the Material Point Method},
  author={Gelet, Rachel and Nguyen, Giang and Rognon, Pierre},
  booktitle={The 6th International conference on computational methods (ICCM2015)},
  pages={216--232},
  year={2015}
}

@article{kumar2017modelling,
  title={Modelling transient dynamics of granular slopes: MPM and DEM},
  author={Kumar, Krishna and Soga, Kenichi and Delenne, Jean-Yves and Radjai, Farhang},
  journal={Procedia Engineering},
  volume={175},
  pages={94--101},
  year={2017},
  publisher={Elsevier}
}

@article{Nguyen09092024,
author = {Trung-Kien Nguyen and Jacques Desrues and Thanh-Trung Vo and Gaël Combe and},
title = {Macro-micro analysis of ground response to circular tunnel excavation in granular media},
journal = {European Journal of Environmental and Civil Engineering},
volume = {28},
number = {12},
pages = {2862--2880},
year = {2024},
publisher = {Taylor \& Francis},
doi = {10.1080/19648189.2024.2327849},
URL = { https://doi.org/10.1080/19648189.2024.2327849},
eprint = { https://doi.org/10.1080/19648189.2024.2327849}
}

@article{Ozenda2025Inertia,
  author       = {Ozenda, Olivier and Chambon, Guillaume and Combe, Gaël and Richefeu, Vincent},
  title        = {Exploring inertial effects in the flow of granular media: double-scale approach MPM×DEM},
  journal      = {International Journal of Computational Methods in Engineering Science and Mechanics},
  year         = {2025},
  volume       = {XX},
  number       = {YY},
  pages        = {pp--pp},
  doi          = {10.XXXX/XXXXX},
  affiliation  = {\\(1\\) Univ. Grenoble Alpes, CNRS, Grenoble INP, 3SR, Grenoble, France; \\(2\\) INRAe, …},
  keywords     = {MPM, DEM, granular flows, inertial effects}
}

@article{da2005rheophysics,
  title={Rheophysics of dense granular materials: Discrete simulation of plane shear flows},
  author={Da Cruz, Fr{\'e}d{\'e}ric and Emam, Sacha and Prochnow, Micha{\"e}l and Roux, Jean-No{\"e}l and Chevoir, Fran{\c{c}}ois},
  journal={Physical Review E—Statistical, Nonlinear, and Soft Matter Physics},
  volume={72},
  number={2},
  pages={021309},
  year={2005},
  publisher={APS}
}